@book{Gottlieb89,
    author = "A. Gottlieb and G. Almasi",
    title = "Highly parallel computing",
	publisher = "Benjamin-Cummings Publishing Co.",
    year = "1989"
}

@online{MaxSAT14,
  author = {17th International Conference on Theory and Applications of Satisfiability Testing},
  title = {Ninth Max-SAT Evaluation},
  year = 2014,
  url = {http://www.maxsat.udl.cat/14/index.html},
  urldate = {2014-07-08}
}

@online{LabIA15,
  author = {Marcelo Finger},
  title = {ï¿¼Satisfiability and SAT and MaxSAT Solver},
  year = 2015,
  url = {http://paca.ime.usp.br/pluginfile.php/71326/mod_resource/content/1/SAT-MaxSAT.pdf},
  urldate = {2015-03-04}
}

@online{ConferenceRules14,
  author = {17th International Conference on Theory and Applications of Satisfiability Testing},
  title = {Ninth Max-SAT Evaluation},
  year = 2014,
  url = {http://www.maxsat.udl.cat/14/rules/index.html},
  urldate = {2014-07-08}
}
